@inproceedings{boritz1997study,
    title={A study of interactive 3D point location in a computer simulated
        virtual environment},
    author={Boritz, James and Booth, Kellogg S},
    booktitle={VRST},
    year={1997},
}
@inproceedings{schultheis2012comparison,
    title={Comparison of a two-handed interface to a wand interface and a
        mouse interface for fundamental 3D tasks},
    author={Schultheis, Udo and Jerald, Jason and Toledo, Fernando and
        Yoganandan, Arun and Mlyniec, Paul},
    booktitle={3DUI},
    year={2012},
}
@inproceedings{mine1997moving,
  title={Moving objects in space: exploiting proprioception in virtual-environment interaction},
  author={Mine, M.R. and Brooks Jr, F.P. and Sequin, C.H.},
  booktitle={SIGGRAPH},
  year={1997},
}
@article{manders2010gesture,
  title={A gesture control system for intuitive 3D interaction with virtual objects},
  author={Manders, C. and Farbiz, F. and Yin, T.K. and Miaolong, Y. and Guan, C.G.},
  journal={Computer Animation and Virtual Worlds},
  volume={21},
  number={2},
  year={2010},
}
@inproceedings{pierce1997image,
  title={Image plane interaction techniques in 3D immersive environments},
  author={Pierce, J.S. and Forsberg, A.S. and Conway, M.J. and Hong, S. and Zeleznik, R.C. and Mine, M.R.},
  booktitle={I3D},
  year={1997},
}
@phdthesis{mine1997exploiting,
  title={Exploiting proprioception in virtual-environment interaction},
  author={Mine, M.R.},
  year={1997},
  school={University of North Carolina at Chapel Hill}
}
@article{bowman2001introduction,
  title={An introduction to 3-D user interface design},
  author={Bowman, D.A. and Kruijff, E. and LaViola Jr, J.J. and Poupyrev, I.},
  journal={Presence: Teleoperators \& Virtual Environments},
  volume={10},
  number={1},
  year={2001},
  publisher={MIT Press}
}
@inproceedings{bolt1980put,
 author = {Bolt, Richard A.},
 title = {Put-that-there: Voice and gesture at the graphics interface},
 booktitle = {SIGGRAPH},
 year = {1980},
 publisher = {ACM},
} 
@inproceedings{segen1998gesture,
 author = {Segen, Jakub and Kumar, Senthil},
 title = {Gesture VR: vision-based 3D hand interace for spatial interaction},
 booktitle = {Proceedings of the sixth ACM international conference on Multimedia},
 series = {MULTIMEDIA '98},
 year = {1998},
 publisher = {ACM},
} 
@inproceedings{bowman1997evaluation,
  title={An evaluation of techniques for grabbing and manipulating remote objects in immersive virtual environments},
  author={Bowman, D.A. and Hodges, L.F.},
  booktitle={I3D},
  year={1997},
}
@article{bowman20083d,
  title={3d user interfaces: New directions and perspectives},
  author={Bowman, D.A. and Coquillart, S. and Froehlich, B. and Hirose, M. and Kitamura, Y. and Kiyokawa, K. and Stuerzlinger, W.},
  journal={Computer Graphics and Applications, IEEE},
  volume={28},
  number={6},
  year={2008},
  publisher={IEEE}
}
@book{3dui,
  title={3D user interfaces: theory and practice},
  author={Bowman, D.A. and Kruijff, E. and LaViola, J.J. and Poupyrev, I.},
  volume={1},
  year={2005},
  publisher={Addison-Wesley Reading, MA}
}

@inproceedings{study1,
  title={Did "Minority Report" get it wrong? Superiority of the mouse over 3D input devices in a 3D placement task},
  author={B{\'e}rard, F. and Ip, J. and Benovoy, M. and El-Shimy, D. and Blum, J. and Cooperstock, J.},
 booktitle={INTERACT},
 year = {2009},
}
@inproceedings{study2,
 author = {Wang, Guangyu and McGuffin, Michael J. and B{\'e}rard, Fran\c{c}ois and Cooperstock, Jeremy R.},
 title = {Pop-up depth views for improving 3D target acquisition},
 booktitle = {Graphics Interface},
 year = {2011},
} 

@inproceedings{mattheiss2011navigating,
 author = {Mattheiss, Elke and Schrammel, Johann and Tscheligi, Manfred},
 title = {Navigating the space: evaluating a 3D-input device in placement and docking tasks},
 booktitle = {Proceedings of the 25th BCS Conference on Human-Computer Interaction},
 year = {2011},
} 

@inproceedings{wang20116d,
 author = {Wang, Robert and Paris, Sylvain and Popovi\'{c}, Jovan},
 title = {6D hands: markerless hand-tracking for computer aided design},
 booktitle = {UIST},
 year = {2011},
} 

@inproceedings{holodesk,
  title={Holodesk: Direct 3d interactions with a situated see-through display},
  author={Hilliges, O. and Kim, D. and Izadi, S. and Weiss, M. and Wilson, A.},
  booktitle={CHI},
  year={2012},
}
@inproceedings{mulder2002personal,
  title={The personal space station: Bringing interaction within reach},
  author={Mulder, J.D. and Van Liere, R.},
  year={2002},
}
@inproceedings{prachyabrued2011dropping,
  title={Dropping the ball: Releasing a virtual grasp},
  author={Prachyabrued, M. and Borst, C.W.},
  booktitle={3DUI},
  year={2011},
}
@book{bravenuiworld,
  title={Brave NUI world: designing natural user interfaces for touch and gesture},
  author={Wigdor, D. and Wixon, D.},
  year={2011},
  publisher={Morgan Kaufmann}
}
@inproceedings{kaiser2003mutual,
  title={Mutual disambiguation of 3D multimodal interaction in augmented and virtual reality},
  author={Kaiser, E. and Olwal, A. and McGee, D. and Benko, H. and Corradini, A. and Li, X. and Cohen, P. and Feiner, S.},
  booktitle={Proceedings of the 5th international conference on Multimodal interfaces},
  year={2003},
}
@article{integralityseparability,
  title={Integrality and separability of input devices},
  author={Jacob, R.J.K. and Sibert, L.E. and McFarlane, D.C. and Mullen Jr, M.P.},
  journal={ACM Transactions on Computer-Human Interaction (TOCHI)},
  volume={1},
  number={1},
  year={1994},
  publisher={ACM}
}
@inproceedings{masliah2000measuring,
  title={Measuring the allocation of control in a 6 degree-of-freedom docking experiment},
  author={Masliah, M.R. and Milgram, P.},
  booktitle={CHI},
  year={2000},
}
@book{brown2004smoothing,
  title={Smoothing, forecasting and prediction of discrete time series},
  author={Brown, R.G.},
  year={2004},
  publisher={Dover Publications}
}
@techreport{nvidia3dvision,
    title={Nvidia 3D Vision Automatic Best Practices Guide},
    author={McDonald, J. and Skaljak, B.},
    year={2011},
    institution={Nvidia Corporation}
}
@book{graphicstextbook,
  title={Computer Graphics with Open GL},
  author={Hearn, D. and Baker, M.P. and Carithers, W.R.},
  year={2011},
  publisher={Prentice Hall}
}
@inproceedings{artoolkit,
  title={Virtual object manipulation on a table-top AR environment},
  author={Kato, H. and Billinghurst, M. and Poupyrev, I. and Imamoto, K. and Tachibana, K.},
  booktitle={Augmented Reality, 2000.(ISAR 2000). Proceedings. IEEE and ACM International Symposium on},
  year={2000},
}
@inproceedings{kato1999marker,
  title={Marker tracking and hmd calibration for a video-based augmented reality conferencing system},
  author={Kato, H. and Billinghurst, M.},
  booktitle={Augmented Reality, 1999.(IWAR'99) Proceedings. 2nd IEEE and ACM International Workshop on},
  year={1999},
}
@article{milgram1994taxonomy,
  title={A taxonomy of mixed reality visual displays},
  author={Milgram, P. and Kishino, F.},
  journal={IEICE TRANSACTIONS on Information and Systems},
  volume={77},
  number={12},
  year={1994},
  publisher={The Institute of Electronics, Information and Communication Engineers}
}
@inproceedings{sutherland1968head,
  title={A head-mounted three dimensional display},
  author={Sutherland, I.E.},
  booktitle={Proceedings of the December 9-11, 1968, fall joint computer conference, part I},
  year={1968},
}

@inproceedings{poupyrev1996go,
  title={The go-go interaction technique: non-linear mapping for direct manipulation in VR},
  author={Poupyrev, I. and Billinghurst, M. and Weghorst, S. and Ichikawa, T.},
  booktitle={UIST},
  year={1996},
}
@inproceedings{zhou2008trends,
  title={Trends in augmented reality tracking, interaction and display: A review of ten years of ISMAR},
  author={Zhou, F. and Duh, H.B.L. and Billinghurst, M.},
  booktitle={Mixed and Augmented Reality, 2008. ISMAR 2008. 7th IEEE/ACM International Symposium on},
  year={2008},
}
@article{hoffman2008vergence,
  title={Vergence--accommodation conflicts hinder visual performance and cause visual fatigue},
  author={Hoffman, D.M. and Girshick, A.R. and Akeley, K. and Banks, M.S.},
  journal={Journal of vision},
  volume={8},
  number={3},
  year={2008},
  publisher={Association for Research in Vision and Ophthalmology}
}
@inproceedings{kim2011drive,
  title={DRIVE: Directly Reaching Into Virtual Environment with bare hand manipulation behind mobile display},
  author={Kim, S.W. and Treskunov, A. and Marti, S.},
  booktitle={3D User Interfaces (3DUI), 2011 IEEE Symposium on},
  year={2011},
}
@inproceedings{lang2002inertial,
  title={Inertial tracking for mobile augmented reality},
  author={Lang, P. and Kusej, A. and Pinz, A. and Brasseur, G.},
  booktitle={Instrumentation and Measurement Technology Conference, 2002. IMTC/2002. Proceedings of the 19th IEEE},
  volume={2},
  year={2002},
}
@article{comport2006real,
  title={Real-time markerless tracking for augmented reality: the virtual visual servoing framework},
  author={Comport, A.I. and Marchand, E. and Pressigout, M. and Chaumette, F.},
  journal={Visualization and Computer Graphics, IEEE Transactions on},
  volume={12},
  number={4},
  year={2006},
  publisher={IEEE}
}
@inproceedings{dedual2011creating,
  title={Creating hybrid user interfaces with a 2D multi-touch tabletop and a 3D see-through head-worn display},
  author={Dedual, N.J. and Oda, O. and Feiner, S.K.},
  booktitle={Mixed and Augmented Reality (ISMAR), 2011 10th IEEE International Symposium on},
  year={2011},
}
@inproceedings{simon2000markerless,
  title={Markerless tracking using planar structures in the scene},
  author={Simon, G. and Fitzgibbon, A.W. and Zisserman, A.},
  booktitle={Augmented Reality, 2000.(ISAR 2000). Proceedings. IEEE and ACM International Symposium on},
  year={2000},
}
@inproceedings{ferrari2001markerless,
  title={Markerless augmented reality with a real-time affine region tracker},
  author={Ferrari, V. and Tuytelaars, T. and Van Gool, L.},
  booktitle={Augmented Reality, 2001. Proceedings. IEEE and ACM International Symposium on},
  year={2001},
}
@article{fiala2010designing,
  title={Designing highly reliable fiducial markers},
  author={Fiala, M.},
  journal={Pattern Analysis and Machine Intelligence, IEEE Transactions on},
  volume={32},
  number={7},
  year={2010},
  publisher={IEEE}
}
@inproceedings{poupyrev1998virtual,
  title={Virtual Notepad: handwriting in immersive VR},
  author={Poupyrev, I. and Tomokazu, N. and Weghorst, S.},
  booktitle={Virtual Reality Annual International Symposium, 1998. Proceedings., IEEE 1998},
  year={1998},
}
@inproceedings{laviola1999flex,
  title={Flex and pinch: A case study of whole hand input design for virtual environment interaction},
  author={LaViola, J. and Zeleznik, R.},
  booktitle={Proceedings of the Second IASTED International Conference on Computer Graphics and Imaging},
  year={1999}
}
@phdthesis{laviola1999whole,
  title={Whole-hand and speech input in virtual environments},
  author={LaViola Jr, J.J.},
  year={1999},
  school={Brown University}
}
@article{murata2001extending,
  title={Extending Fitts' law to a three-dimensional pointing task},
  author={Murata, A. and Iwase, H.},
  journal={Human movement science},
  volume={20},
  number={6},
  year={2001},
  publisher={Elsevier}
}
@article{monk1985fitts,
  title={Fitts' law in two dimensions with hand and head movements},
  author={Monk, D.L.},
  journal={Journal of Motor Behavior},
  volume={17},
  number={1},
  year={1985}
}
@inproceedings{mackenzie1992extending,
 author = {MacKenzie, I. Scott and Buxton, William},
 title = {Extending Fitts' law to two-dimensional tasks},
 booktitle = {Proceedings of the SIGCHI Conference on Human Factors in Computing Systems},
 series = {CHI '92},
 year = {1992},
 publisher = {ACM},
 address = {New York, NY, USA},
} 
@phdthesis{kruijff2006unconventional,
  title={Unconventional 3D user interfaces for virtual environments},
  author={Kruijff, E.},
  year={2006},
  school={Graz University of Technology}
}
@article{wanger1992perceiving,
    title={Perceiving spatial relationships in computer-generated images},
    author={Wanger, Leonard C and Ferwerda, James A and Greenberg, Donald
        P},
    journal={IEEE Computer Graphics and Applications},
    volume={12},
    number={3},
    year={1992},
    publisher={IEEE Computer Society}
}
@inproceedings{scali20033d,
    title={3D Modelling is not for WIMPs},
    author={Scali, Silvia and Wright, Mark and Shillito, Ann Marie},
    booktitle={HCI},
    publisher={Lawrence Earlbaum Associates},
    year={2003}
}
@article{ware1999rotating,
    author = {Ware, Colin and Rose, Jeff},
    title = {Rotating Virtual Objects with Real Handles},
    journal = {ACM Trans. Comput.-Hum. Interact.},
    volume = {6},
    number = {2},
    year = {1999},
    publisher = {ACM},
    address = {New York, NY, USA},
} 

@unpublished{leewii,
    author = {Johnny Lee},
    title = {Head Tracking for Desktop VR Displays using the Wii Remote},
    url = {http://johnnylee.net/projects/wii/},
    year = {2008}
}